@article{patel2019,
  doi = {10.3390/ijerph16050678},
  url = {https://doi.org/10.3390/ijerph16050678},
  year = {2019},
  month = feb,
  publisher = {{MDPI} {AG}},
  volume = {16},
  number = {5},
  pages = {678},
  author = {Asiya Patel and Jennifer Dean and Sara Edge and Kathi Wilson and Effat Ghassemi},
  title = {Double Burden of Rural Migration in Canada? Considering the Social Determinants of Health Related to Immigrant Settlement Outside the Cosmopolis},
  journal = {International Journal of Environmental Research and Public Health}
}

@article{etowa2021,
  doi = {10.17269/s41997-020-00456-6},
  url = {https://doi.org/10.17269/s41997-020-00456-6},
  year = {2021},
  month = jan,
  publisher = {Springer Science and Business Media {LLC}},
  volume = {112},
  number = {1},
  pages = {8--11},
  author = {Josephine Etowa and Ilene Hyman},
  title = {Unpacking the health and social consequences of {COVID}-19 through a race,  migration and gender lens},
  journal = {Canadian Journal of Public Health}
}

@article{seeman2010,
  doi = {10.12927/hcq.2010.21923},
  url = {https://doi.org/10.12927/hcq.2010.21923},
  year = {2010},
  month = sep,
  publisher = {Longwoods Publishing},
  volume = {13},
  number = {sp},
  pages = {8--15},
  author = {Neil Seeman and Alton Ing and Carlos Rizo},
  title = {Assessing and Responding in Real Time to Online Anti-vaccine Sentiment during a Flu Pandemic},
  journal = {Healthcare Quarterly}
}

@article{kim2021,
  doi = {10.1093/intqhc/mzab110},
  url = {https://doi.org/10.1093/intqhc/mzab110},
  year = {2021},
  month = jul,
  publisher = {Oxford University Press ({OUP})},
  volume = {33},
  number = {3},
  author = {June-Ho Kim and Griffith A Bell and Hannah L Ratcliffe and Leah Moncada and Stuart Lipsitz and Lisa R Hirschhorn and Asaf Bitton and Dan Schwarz},
  title = {Predictors of patient-reported quality of care in low- and middle-income countries: a four-country survey of person-centered care},
  journal = {International Journal for Quality in Health Care}
}


@article{rao2021,
  doi = {10.1016/j.annepidem.2021.07.010},
  url = {https://doi.org/10.1016/j.annepidem.2021.07.010},
  year = {2021},
  month = nov,
  publisher = {Elsevier {BV}},
  volume = {63},
  pages = {63--67},
  author = {Amrita Rao and Huiting Ma and Gary Moloney and Jeffrey C. Kwong and Peter J\"{u}ni and Beate Sander and Rafal Kustra and Stefan D. Baral and Sharmistha Mishra},
  title = {A disproportionate epidemic: {COVID}-19 cases and deaths among essential workers in Toronto,  Canada},
  journal = {Annals of Epidemiology}
}

@misc{ohesi,
	author = {{Ontario HIV Epidemiology and Surveillance Initiative}},
	title = {{T}echnical {N}otes: {H}ealth regions - {O}{H}{E}{S}{I} --- ohesi.ca},
	url = {https://www.ohesi.ca/technical-notes/health-regions/},
  urldate = {2023-07-07},
	note = {[Accessed 07-Jul-2023]},
}

@article{bolotin2018,
    doi = {10.1371/journal.pone.0191184},
    author = {Bolotin, Shelly AND Feld, Jordan J. AND Garber, Gary AND Wong, William W. L. AND Guerra, Fiona M. AND Mazzulli, Tony},
    journal = {PLOS ONE},
    publisher = {Public Library of Science},
    title = {Population-based estimate of hepatitis C virus prevalence in Ontario, Canada},
    year = {2018},
    month = {01},
    volume = {13},
    url = {https://doi.org/10.1371/journal.pone.0191184},
    pages = {1-10},
    number = {1},
}

@article{alami2021,
  doi = {10.3389/fpubh.2021.671833},
  url = {https://doi.org/10.3389/fpubh.2021.671833},
  year = {2021},
  month = jun,
  publisher = {Frontiers Media {SA}},
  volume = {9},
  author = {Hassane Alami and Pascale Lehoux and Richard Fleet and Jean-Paul Fortin and Joanne Liu and Randa Attieh and St{\'{e}}phanie Bernadette Mafalda Cadeddu and Mamane Abdoulaye Samri and Mathilde Savoldelli and Mohamed Ali Ag Ahmed},
  title = {How Can Health Systems Better Prepare for the Next Pandemic? Lessons Learned From the Management of {COVID}-19 in Quebec (Canada)},
  journal = {Frontiers in Public Health}
}

@report{dion2022,
  Title = {Rapid synthesis: Examining the intersections
between Ontario Health Teams and public health},
  author = {Anna Dion and Kerry Waddell and  Kaelan Moat and Robert Reid and John Lavis},
  Date = {2022-03-30},
  Institution = {McMaster Health Forum},
  Year = {2022},
  Location  = {Hamilton, Ontario, Canada},
  issn  = {2292-7999},
  url = {https://www.mcmasterforum.org/docs/default-source/product-documents/rapid-responses/examining-the-intersections-between-ontario-health-teams-and-public-health.pdf?sfvrsn=69caa8c9_11}
}

@report{naci2023,
  Title = {Guidance on an additional COVID-19 booster dose in
the spring of 2023 for individuals at high risk of severe
illness due to COVID-19},
  Author = {{National Advisory Committee
on Immunization (NACI)}},
  Date = {2023-03-03},
  Institution = {Public Health Agency of Canada},
  Year = {2023},
  Location  = {Ottawa, Canada},
  isbn  = {978-0-660-47815-9},
  url = {https://www.canada.ca/en/public-health/services/publications/vaccines-immunization/national-advisory-committee-immunization-guidance-additional-covid-19-booster-dose-spring-2023-individuals-high-risk-severe-illness-due-covid-19.html}
}

@article{dolgin2021,
  doi = {10.1038/d41586-021-02532-4},
  url = {https://doi.org/10.1038/d41586-021-02532-4},
  year = {2021},
  month = sep,
  publisher = {Springer Science and Business Media {LLC}},
  volume = {597},
  number = {7878},
  pages = {606--607},
  author = {Elie Dolgin},
  title = {{COVID} vaccine immunity is waning {\textemdash} how much does that matter?},
  journal = {Nature}
}

@article{ashcroft2023,
  doi = {10.21203/rs.3.rs-3016276/v1},
  url = {https://doi.org/10.21203/rs.3.rs-3016276/v1},
  year = {2023},
  month = jun,
  publisher = {Research Square Platform {LLC}},
  author = {Rachelle Ashcroft and Catherine Donnelly and Simon Lam and Peter Sheffield and Bryn Hamilton and Connor Kemp and Keith Adamson and Judy Belle Brown},
  title = {A Qualitative Examination of Primary Care Team's Participation in the Distribution of the {COVID}-19 Vaccination}
}

@techreport{rotenberg2021,
  doi = {10.47326/ocsat.2021.02.35.1.0},
  url = {https://doi.org/10.47326/ocsat.2021.02.35.1.0},
  year = {2021},
  month = jun,
  publisher = {Ontario {COVID}-19 Science Advisory Table},
  author = {Sara Rotenberg and Matthew B. Downer and Hilary Brown and Jane Cooper and Sabrina Campanella and Yousef Safar and Gabrielle M. Katz and Sandi Bell and Wendy Porch and Fahad Razak and Paula A. Rochon and Michael Schull and Nathan M. Stall and Yona Lunsky},
  title = {{COVID}-19 Vaccination for People with Disabilities}
}

@article{schafferderoo2020,
  doi = {10.1001/jama.2020.8711},
  url = {https://doi.org/10.1001/jama.2020.8711},
  year = {2020},
  month = jun,
  publisher = {American Medical Association ({AMA})},
  volume = {323},
  number = {24},
  pages = {2458},
  author = {Sarah Schaffer DeRoo and Natalie J. Pudalov and Linda Y. Fu},
  title = {Planning for a {COVID}-19 Vaccination Program},
  journal = {{JAMA}}
}

@article{eissa2021,
  doi = {10.1503/cmaj.210949},
  url = {https://doi.org/10.1503/cmaj.210949},
  year = {2021},
  month = aug,
  publisher = {{CMA} Joule Inc.},
  volume = {193},
  number = {31},
  pages = {E1220--E1221},
  author = {Azza Eissa and Aisha Lofters and Nancy Akor and Cheryl Prescod and Onye Nnorom},
  title = {Increasing {SARS}-{CoV}-2 vaccination rates among Black people in Canada},
  journal = {Canadian Medical Association Journal}
}

@article{smylie2022,
  doi = {10.1503/cmaj.212147},
  url = {https://doi.org/10.1503/cmaj.212147},
  year = {2022},
  month = aug,
  publisher = {{CMA} Impact Inc.},
  volume = {194},
  number = {29},
  pages = {E1018--E1026},
  author = {Janet Smylie and Stephanie McConkey and Beth Rachlis and Lisa Avery and Graham Mecredy and Raman Brar and Cheryllee Bourgeois and Brian Dokis and Stephanie Vandevenne and Michael A. Rotondi},
  title = {Uncovering {SARS}-{COV}-2 vaccine uptake and {COVID}-19 impacts among First Nations,  Inuit and M{\'{e}}tis Peoples living in Toronto and London,  Ontario},
  journal = {Canadian Medical Association Journal}
}

@article{timony2022,
  doi = {10.1177/17151635221115411},
  url = {https://doi.org/10.1177/17151635221115411},
  year = {2022},
  month = aug,
  publisher = {{SAGE} Publications},
  volume = {155},
  number = {5},
  pages = {267--276},
  author = {Patrick Timony and Sherilyn K. D. Houle and Alain Gauthier and Nancy M. Waite},
  title = {Geographic distribution of Ontario pharmacists: A focus on rural and northern communities},
  journal = {Canadian Pharmacists Journal / Revue des Pharmaciens du Canada}
}

@ARTICLE{crighton2015,
  title    = "A spatial analysis of {COPD} prevalence, incidence, mortality and
              health service use in Ontario",
  author   = "Crighton, Eric J and Ragetlie, Rosalind and Luo, Jin and To,
              Teresa and Gershon, Andrea",
  journal  = "Health Rep.",
  volume   =  26,
  number   =  3,
  pages    = "10--18",
  month    =  mar,
  year     =  2015,
  keywords = "Administrative data; COPD; public health surveillance; spatial
              analysis",
  language = "en"
}

@article{shah2019,
  doi = {10.1111/cag.12557},
  url = {https://doi.org/10.1111/cag.12557},
  year = {2019},
  month = aug,
  publisher = {Wiley},
  volume = {64},
  number = {1},
  pages = {65--78},
  author = {Tayyab I. Shah and Andrew F. Clark and Jamie A. Seabrook and Shannon Sibbald and Jason A. Gilliland},
  title = {Geographic accessibility to primary care providers: Comparing rural and urban areas in Southwestern Ontario},
  journal = {The Canadian Geographer / Le G{\'{e}}ographe canadien}
}

@article{gill2022,
  doi = {10.1177/17151635221123042},
  url = {https://doi.org/10.1177/17151635221123042},
  year = {2022},
  month = sep,
  publisher = {{SAGE} Publications},
  volume = {155},
  number = {6},
  pages = {345--351},
  author = {Manmohit Gill and Dhruv Datta and Paul Gregory and Zubin Austin},
  title = {{COVID}-19 vaccination in high-risk communities: Case study of Brampton,  Ontario},
  journal = {Canadian Pharmacists Journal / Revue des Pharmaciens du Canada}
}

@article{nguyen2021b,
  doi = {10.3201/eid2711.211557},
  url = {https://doi.org/10.3201/eid2711.211557},
  year = {2021},
  month = nov,
  publisher = {Centers for Disease Control and Prevention ({CDC})},
  volume = {27},
  number = {11},
  pages = {2908--2913},
  author = {Kimberly H. Nguyen and David Yankey and Kelsey C. Coy and Kathryn A. Brookmeyer and Neetu Abad and Rebecca Guerin and Girija Syamlal and Peng-jun Lu and Brittney N. Baack and Hilda Razzaghi and Andrea Okun and James A. Singleton},
  title = {{COVID}-19 Vaccination Coverage,  Intent,  Knowledge,  Attitudes,  and Beliefs among Essential Workers,  United States},
  journal = {Emerging Infectious Diseases}
}

@book{iveniuk2021,
  title={Uneven Recovery: Measuring Covid-19 Vaccine Equity in Ontario},
  author={Iveniuk, James and Leon, Scott},
  year={2021},
  publisher ={Wellesley Institute},
  url       = {https://www.wellesleyinstitute.com/wp-content/uploads/2021/04/An-uneven-recovery-Measuring-COVID-19-vaccine-equity-in-Ontario.pdf},
  urldate = {2023-05-12}
}

@article{basta2022,
  doi = {10.1093/aje/kwac029},
  url = {https://doi.org/10.1093/aje/kwac029},
  year = {2022},
  month = feb,
  publisher = {Oxford University Press ({OUP})},
  volume = {191},
  number = {6},
  pages = {987--998},
  author = {Nicole E Basta and Nazmul Sohel and Giorgia Sulis and Christina Wolfson and Geva Maimon and Lauren E Griffith and Susan Kirkland and Jacqueline M McMillan and Mary Thompson and Parminder Raina and},
  title = {Factors Associated With Willingness to Receive a {COVID}-19 Vaccine Among 23, 819 Adults Aged 50 Years or Older: An Analysis of the Canadian Longitudinal Study on Aging},
  journal = {American Journal of Epidemiology}
}

@article{sethuram2023,
  doi = {10.1186/s12913-023-09102-6},
  url = {https://doi.org/10.1186/s12913-023-09102-6},
  year = {2023},
  month = mar,
  publisher = {Springer Science and Business Media {LLC}},
  volume = {23},
  number = {1},
  author = {Claire Sethuram and Tess McCutcheon and Clare Liddy},
  title = {An environmental scan of Ontario Health Teams: a descriptive study},
  journal = {{BMC} Health Services Research}
}

@incollection{lysyk2016,
  title     = {Annual {R}eport 2016},
  editor    = {Office of the Auditor General of Ontario},
  chapter   = {3},
  booktitle = {Section 3.03: Electronic Health Records’ Implementation Status},
  year      = {2016},
  publisher = {Queen’s Printer for Ontario},
  address   = {Ontario},
  isbn      = {978-1-4606-8937-0},
  url       = {https://www.auditor.on.ca/en/content/annualreports/arreports/en16/v1_303en16.pdf},
  urldate = {2023-05-12}
  
}

@incollection{lysyk2015,
  title     = {Annual {R}eport 2015},
  editor    = {Office of the Auditor General of Ontario},
  chapter   = {3},
  booktitle = {Section 3.08: LHINs - Local Health Integration Networks},
  year      = {2015},
  publisher = {Queen’s Printer for Ontario},
  address   = {Ontario},
  isbn      = {978-1-4606-6727-9},
  url       = {https://www.auditor.on.ca/en/content/annualreports/arreports/en15/3.08en15.pdf},
  urldate = {2023-05-12}
  
}

@article{muratov2018,
  doi = {10.1186/s12877-018-0952-7},
  url = {https://doi.org/10.1186/s12877-018-0952-7},
  year = {2018},
  month = nov,
  publisher = {Springer Science and Business Media {LLC}},
  volume = {18},
  number = {1},
  author = {Sergei Muratov and Justin Lee and Anne Holbrook and Andrew Costa and J. Michael Paterson and Jason R. Guertin and Lawrence Mbuagbaw and Tara Gomes and Wayne Khuu and Jean-Eric Tarride},
  title = {Regional variation in healthcare spending and mortality among senior high-cost healthcare users in Ontario,  Canada: a retrospective matched cohort study},
  journal = {{BMC} Geriatrics}
}



@article{mackey2021,
  doi = {10.7326/m20-6306},
  url = {https://doi.org/10.7326/m20-6306},
  year = {2021},
  month = mar,
  publisher = {American College of Physicians},
  volume = {174},
  number = {3},
  pages = {362--373},
  author = {Katherine Mackey and Chelsea K. Ayers and Karli K. Kondo and Somnath Saha and Shailesh M. Advani and Sarah Young and Hunter Spencer and Max Rusek and Johanna Anderson and Stephanie Veazie and Mia Smith and Devan Kansagara},
  title = {Racial and Ethnic Disparities in {COVID}-19{\textendash}Related Infections,  Hospitalizations,  and Deaths},
  journal = {Annals of Internal Medicine}
}

@article{un2023,
 author  = {United Nations},
 date    = {2023-05-05},
 title   = {{WHO} chief declares end to COVID-19 as a global health emergency},
 journal = {UN News},
 url     = {https://news.un.org/en/story/2023/05/1136367},
 urldate = {2022-05-11}
}


@article{rigby2023,
 author  = {Jennifer Rigby and Bhanvi Satija},
 date    = {2023-05-08},
 title   = {{WHO} declares end to COVID global health emergency},
 journal = {Reuters},
 url     = {https://www.reuters.com/business/healthcare-pharmaceuticals/covid-is-no-longer-global-health-emergency-who-2023-05-05/},
 urldate = {2022-05-11}
}

@article{njoku2021,
  doi = {10.3390/ijerph18189904},
  url = {https://doi.org/10.3390/ijerph18189904},
  year = {2021},
  month = sep,
  publisher = {{MDPI} {AG}},
  volume = {18},
  number = {18},
  pages = {9904},
  author = {Anuli Njoku and Marcelin Joseph and Rochelle Felix},
  title = {Changing the Narrative: Structural Barriers and Racial and Ethnic Inequities in {COVID}-19 Vaccination},
  journal = {International Journal of Environmental Research and Public Health}
}

@article{gtsummary,
    author = {Daniel D. Sjoberg and Karissa Whiting and Michael Curry and Jessica A. Lavery and Joseph Larmarange},
    title = {Reproducible Summary Tables with the gtsummary Package},
    journal = {{The R Journal}},
    year = {2021},
    url = {https://doi.org/10.32614/RJ-2021-053},
    doi = {10.32614/RJ-2021-053},
    volume = {13},
    issue = {1},
    pages = {570-580},
  }

@article{modelsummary,
    title = {{modelsummary}: Data and Model Summaries in {R}},
    author = {Vincent Arel-Bundock},
    journal = {Journal of Statistical Software},
    year = {2022},
    volume = {103},
    number = {1},
    pages = {1--23},
    doi = {10.18637/jss.v103.i01},
  }


@article{stephenson2022,
  doi = {10.1111/irv.13023},
  url = {https://doi.org/10.1111/irv.13023},
  year = {2022},
  month = jul,
  publisher = {Wiley},
  volume = {16},
  number = {6},
  pages = {1101--1111},
  author = {Meagan Stephenson and Samantha M. Olson and Wesley H. Self and Adit A. Ginde and Nicholas M. Mohr and Manjusha Gaglani and Nathan I. Shapiro and Kevin W. Gibbs and David N. Hager and Matthew E. Prekker and Michelle N. Gong and Jay S. Steingrub and Ithan D. Peltan and Emily T. Martin and Raju Reddy and Laurence W. Busse and Abhijit Duggal and Jennifer G. Wilson and Nida Qadir and Christopher Mallow and Jennie H. Kwon and Matthew C. Exline and James D. Chappell and Adam S. Lauring and Adrienne Baughman and Christopher J. Lindsell and Kimberly W. Hart and Nathaniel M. Lewis and Manish M. Patel and Mark W. Tenforde and},
  title = {Ascertainment of vaccination status by self-report versus source documentation: Impact on measuring {COVID}-19 vaccine effectiveness},
  journal = {Influenza and Other Respiratory Viruses}
}

@article{anand2022,
  doi = {10.9778/cmajo.20220031},
  url = {https://doi.org/10.9778/cmajo.20220031},
  year = {2022},
  month = jul,
  publisher = {{CMA} Impact Inc.},
  volume = {10},
  number = {3},
  pages = {E599--E609},
  author = {Sonia S. Anand and Corey Arnold and Shrikant I. Bangdiwala and Shelly Bolotin and Dawn Bowdish and Rahul Chanchlani and Russell J. de Souza and Dipika Desai and Sujane Kandasamy and Farah Khan and Zainab Khan and Marc-Andr{\'{e}} Langlois and Jayneel Limbachia and Scott A. Lear and Mark Loeb and Lawrence Loh and Baanu Manoharan and Kiran Nakka and Martin Pelchat and Zubin Punthakee and Karleen M. Schulze and Natalie Williams and Gita Wahi},
  title = {Seropositivity and risk factors for {SARS}-{CoV}-2 infection in a South Asian community in Ontario: a cross-sectional analysis of a prospective cohort study},
  journal = {{CMAJ} Open}
}

@article{ct2021,
  doi = {10.1002/ajim.23256},
  url = {https://doi.org/10.1002/ajim.23256},
  year = {2021},
  month = may,
  publisher = {Wiley},
  volume = {64},
  number = {7},
  pages = {551--566},
  author = {Daniel C{\^{o}}t{\'{e}} and Steve Durant and Ellen MacEachen and Shannon Majowicz and Samantha Meyer and Ai-Thuy Huynh and Marie Laberge and Jessica Dub{\'{e}}},
  title = {A rapid scoping review of {COVID}-19 and vulnerable workers: Intersecting occupational and public health issues},
  journal = {American Journal of Industrial Medicine}
}

@article{hawkins2020,
  doi = {10.1002/ajim.23145},
  url = {https://doi.org/10.1002/ajim.23145},
  year = {2020},
  month = jun,
  publisher = {Wiley},
  volume = {63},
  number = {9},
  pages = {817--820},
  author = {Devan Hawkins},
  title = {Differential occupational risk for {COVID}-19 and other infection exposure according to race and ethnicity},
  journal = {American Journal of Industrial Medicine}
}

@techreport{mishra2021,
  doi = {10.47326/ocsat.2021.02.26.1.0},
  url = {https://doi.org/10.47326/ocsat.2021.02.26.1.0},
  year = {2021},
  month = apr,
  publisher = {Ontario {COVID}-19 Science Advisory Table},
  author = {Sharmistha Mishra and Nathan M. Stall and Huiting Ma and Ayodele Odutayo and Jeffrey C. Kwong and Upton Allen and Kevin A. Brown and Isaac I. Bogoch and Aysegul Erman and Tai Huynh and Sophia Ikura and Antonina Maltsev and Allison McGeer and Gary Moloney and Andrew M. Morris and Michael Schull and Arjumand Siddiqi and Janet Smylie and Tania Watts and Kristy Yiu and Beate Sander and Peter Juni},
  title = {A Vaccination Strategy for Ontario {COVID}-19 Hotspots and Essential Workers}
}

@misc{ontario-covid-map,
  title = {{Ontario COVID-19 Data Tool}},
  url = {https://www.publichealthontario.ca/en/data-and-analysis/infectious-disease/covid-19-data-surveillance/covid-19-data-tool?tab=maps},
  urldate = {2023-03-24}
}

@misc{ontario-covid,
  title = {{Ontario COVID-19 Data Tool}},
  url = {https://www.publichealthontario.ca/en/data-and-analysis/infectious-disease/covid-19-data-surveillance/covid-19-data-tool?tab=vaccine},
  urldate = {2023-02-27}
}

@article{buajitti2018,
  title={Ontario atlas of adult mortality, 1992-2015: trends in {L}ocal {H}ealth {I}ntegration {N}etworks},
  author={Buajitti, Emmalin and Watson, Tristan and Kornas, Kathy and Bornbaum, Catherine and Henry, David and Rosella, Laura C},
  year={2018},
  url = {https://tspace.library.utoronto.ca/handle/1807/82836},
}


@manual{ontariohealth,
  title        = "{A}nnual {B}usiness {P}lan 2022/23",
  author       = "",
  organization = "Ontario Health",
   howpublished = "\url{https://www.ontariohealth.ca/sites/ontariohealth/files/2022-05/OHBusinessPlan22_23.pdf}",
  address      = "",
  year         = {2022},
  note={Accessed on 2023-02-14}
}


@article{macdonald2021,
  doi = {10.1139/facets-2021-0037},
  url = {https://doi.org/10.1139/facets-2021-0037},
  year = {2021},
  month = jan,
  publisher = {Canadian Science Publishing},
  volume = {6},
  pages = {1184--1246},
  author = {Noni E. MacDonald and Jeannette Comeau and {\`{E}}ve Dub{\'{e}} and Janice Graham and Margo Greenwood and Shawn Harmon and Janet McElhaney and C. Meghan McMurtry and Alan Middleton and Audrey Steenbeek and Anna Taddio},
  editor = {Jules M. Blais},
  title = {Royal society of Canada {COVID}-19 report: Enhancing {COVID}-19 vaccine acceptance in Canada},
  journal = {{FACETS}}
}

@article{dube2022,
  doi = {10.1016/j.vaccine.2022.05.053},
  url = {https://doi.org/10.1016/j.vaccine.2022.05.053},
  year = {2022},
  month = jun,
  publisher = {Elsevier {BV}},
  volume = {40},
  number = {29},
  pages = {3923--3926},
  author = {Eve Dub{\'{e}} and Dominique Gagnon and Noni MacDonald},
  title = {Between persuasion and compulsion: The case of {COVID}-19 vaccination in Canada},
  journal = {Vaccine}
}

@article{tsasis2012,
  doi = {10.5334/ijic.843},
  url = {https://doi.org/10.5334/ijic.843},
  year = {2012},
  month = sep,
  publisher = {Ubiquity Press,  Ltd.},
  volume = {12},
  number = {5},
  author = {Peter Tsasis and Jenna M. Evans and Susan Owen},
  title = {Reframing the challenges to integrated care: a complex-adaptive systems perspective},
  journal = {International Journal of Integrated Care}
}



@article{dong2022,
  doi = {10.1177/20438869221147313},
  url = {https://doi.org/10.1177/20438869221147313},
  year = {2022},
  month = dec,
  publisher = {{SAGE} Publications},
  pages = {204388692211473},
  author = {Linying Dong and Roshan Sahu and Rod Black},
  title = {Governance in the transformational journey toward integrated healthcare: The case of Ontario},
  journal = {Journal of Information Technology Teaching Cases}
}


@article{lavoie2022,
  doi = {10.1136/bmjopen-2021-059411},
  url = {https://doi.org/10.1136/bmjopen-2021-059411},
  year = {2022},
  month = apr,
  publisher = {{BMJ}},
  volume = {12},
  number = {4},
  pages = {e059411},
  author = {Kim Lavoie and Vincent Gosselin-Boucher and Jovana Stojanovic and Samir Gupta and Myriam Gagn{\'{e}} and Keven Joyal-Desmarais and Katherine S{\'{e}}guin and Sherri Sheinfeld Gorin and Paula Ribeiro and Brigitte Voisard and Michael Vallis and Kimberly Corace and Justin Presseau and Simon Bacon},
  title = {Understanding national trends in {COVID}-19 vaccine hesitancy in Canada: results from five sequential cross-sectional representative surveys spanning April 2020{\textendash}March 2021},
  journal = {{BMJ} Open}
}

@article{huang2022,
  doi = {10.1007/s44212-022-00019-9},
  url = {https://doi.org/10.1007/s44212-022-00019-9},
  year = {2022},
  month = dec,
  publisher = {Springer Science and Business Media {LLC}},
  volume = {1},
  number = {1},
  author = {Qian Huang and Susan L. Cutter},
  title = {Spatial-temporal differences of {COVID}-19 vaccinations in the U.S.},
  journal = {Urban Informatics}
}

@article{pallathadka2022,
  doi = {10.1088/2752-5309/ac8ac2},
  url = {https://doi.org/10.1088/2752-5309/ac8ac2},
  year = {2022},
  month = nov,
  publisher = {{IOP} Publishing},
  volume = {1},
  number = {1},
  pages = {011001},
  author = {Arun Pallathadka and Heejun Chang and Daikwon Han},
  title = {What explains spatial variations of {COVID}-19 vaccine hesitancy?: a social-ecological-technological systems approach},
  journal = {Environmental Research: Health}
}

@article{freeman2020,
  doi = {10.1017/s0033291720005188},
  url = {https://doi.org/10.1017/s0033291720005188},
  year = {2020},
  month = dec,
  publisher = {Cambridge University Press ({CUP})},
  volume = {52},
  number = {14},
  pages = {3127--3141},
  author = {Daniel Freeman and Bao S. Loe and Andrew Chadwick and Cristian Vaccari and Felicity Waite and Laina Rosebrock and Lucy Jenner and Ariane Petit and Stephan Lewandowsky and Samantha Vanderslott and Stefania Innocenti and Michael Larkin and Alberto Giubilini and Ly-Mee Yu and Helen McShane and Andrew J. Pollard and Sin{\'{e}}ad Lambe},
  title = {{COVID}-19 vaccine hesitancy in the {UK}: the Oxford coronavirus explanations,  attitudes,  and narratives survey (Oceans) {II}},
  journal = {Psychological Medicine}
}

@article{mosby2021,
  doi = {10.1503/cmaj.210112},
  url = {https://doi.org/10.1503/cmaj.210112},
  year = {2021},
  month = feb,
  publisher = {{CMA} Impact Inc.},
  volume = {193},
  number = {11},
  pages = {E381--E383},
  author = {Ian Mosby and Jaris Swidrovich},
  title = {Medical experimentation and the roots of {COVID}-19 vaccine hesitancy among Indigenous Peoples in Canada},
  journal = {Canadian Medical Association Journal}
}

@article{bogart2021,
  doi = {10.1097/qai.0000000000002570},
  url = {https://doi.org/10.1097/qai.0000000000002570},
  year = {2021},
  month = feb,
  publisher = {Ovid Technologies (Wolters Kluwer Health)},
  volume = {86},
  number = {2},
  pages = {200--207},
  author = {Laura M. Bogart and Bisola O. Ojikutu and Keshav Tyagi and David J. Klein and Matt G. Mutchler and Lu Dong and Sean J. Lawrence and Damone R. Thomas and Sarah Kellman},
  title = {{COVID}-19 Related Medical Mistrust,  Health Impacts,  and Potential Vaccine Hesitancy Among Black Americans Living With {HIV}},
  journal = {{JAIDS} Journal of Acquired Immune Deficiency Syndromes}
}

@article{khubchandani2021,
  doi = {10.1007/s10900-020-00958-x},
  url = {https://doi.org/10.1007/s10900-020-00958-x},
  year = {2021},
  month = jan,
  publisher = {Springer Science and Business Media {LLC}},
  volume = {46},
  number = {2},
  pages = {270--277},
  author = {Jagdish Khubchandani and Sushil Sharma and James H. Price and Michael J. Wiblishauser and Manoj Sharma and Fern J. Webb},
  title = {{COVID}-19 Vaccination Hesitancy in the United States: A Rapid National Assessment},
  journal = {Journal of Community Health}
}

@article{stoler2021,
  doi = {10.1007/s11606-021-06743-3},
  url = {https://doi.org/10.1007/s11606-021-06743-3},
  year = {2021},
  month = may,
  publisher = {Springer Science and Business Media {LLC}},
  volume = {36},
  number = {11},
  pages = {3629--3631},
  author = {Justin Stoler and Adam M. Enders and Casey A. Klofstad and Joseph E. Uscinski},
  title = {The Limits of Medical Trust in Mitigating {COVID}-19 Vaccine Hesitancy among Black Americans},
  journal = {Journal of General Internal Medicine}
}

@article{skirrow2022,
  doi = {10.1186/s12884-021-04321-3},
  url = {https://doi.org/10.1186/s12884-021-04321-3},
  year = {2022},
  month = jan,
  publisher = {Springer Science and Business Media {LLC}},
  volume = {22},
  number = {1},
  author = {Helen Skirrow and Sara Barnett and Sadie Bell and Lucia Riaposova and Sandra Mounier-Jack and Beate Kampmann and Beth Holder},
  title = {Women's views on accepting {COVID}-19 vaccination during and after pregnancy,  and for their babies: a multi-methods study in the {UK}},
  journal = {{BMC} Pregnancy and Childbirth}
}

@article{willis2021,
  doi = {10.1111/cts.13077},
  url = {https://doi.org/10.1111/cts.13077},
  year = {2021},
  month = jul,
  publisher = {Wiley},
  volume = {14},
  number = {6},
  pages = {2200--2207},
  author = {Don E. Willis and Jennifer A. Andersen and Keneshia Bryant-Moore and James P. Selig and Christopher R. Long and Holly C. Felix and Geoffrey M. Curran and Pearl A. McElfish},
  title = {{COVID}-19 vaccine hesitancy: Race/ethnicity,  trust,  and fear},
  journal = {Clinical and Translational Science}
}



@article{tamey2022,
  doi = {10.1136/bmj-2022-070650},
  url = {https://doi.org/10.1136/bmj-2022-070650},
  year = {2022},
  month = mar,
  publisher = {{BMJ}},
  pages = {e070650},
  author = {Gavin Yamey and Patricia Garcia and Fatima Hassan and Wenhui Mao and Kaci Kennedy McDade and Madhukar Pai and Senjuti Saha and Philip Schellekens and Andrea Taylor and Krishna Udayakumar},
  title = {It is not too late to achieve global covid-19 vaccine equity},
  journal = {{BMJ}}
}

@article{li2021,
  title={Next-generation COVID-19 vaccines: Opportunities for vaccine development and challenges in tackling COVID-19},
  author={Li, Qian and Wang, Jun and Tang, Yang and Lu, Hongzhou},
  journal={Drug Discoveries \& Therapeutics},
  volume={15},
  doi={10.5582/ddt.2021.0105},
  number={3},
  pages={118--123},
  year={2021},
  publisher={International Research and Cooperation Association for Bio \& Socio-Sciences~…}
}

@article{kayser2021,
  doi = {10.1080/21645515.2021.1977057},
  url = {https://doi.org/10.1080/21645515.2021.1977057},
  year = {2021},
  month = sep,
  publisher = {Informa {UK} Limited},
  volume = {17},
  number = {12},
  pages = {5255--5268},
  author = {Veysel Kayser and Iqbal Ramzan},
  title = {Vaccines and vaccination: history and emerging issues},
  journal = {Human Vaccines {\&}amp$\mathsemicolon$ Immunotherapeutics}
}

@article{thelancet2021,
  doi = {10.1016/s2666-5247(20)30226-3},
  url = {https://doi.org/10.1016/s2666-5247(20)30226-3},
  year = {2021},
  month = jan,
  publisher = {Elsevier {BV}},
  volume = {2},
  number = {1},
  pages = {e1},
  author = {The Lancet Microbe},
  title = {{COVID}-19 vaccines: the pandemic will not end overnight},
  journal = {The Lancet Microbe}
}

@article{davis2022,
author = {Davis, Colin J. and Golding, Matt and McKay, Ryan},
title = {Efficacy information influences intention to take COVID-19 vaccine},
journal = {British Journal of Health Psychology},
volume = {27},
number = {2},
pages = {300-319},
keywords = {COVID-19, vaccines, efficacy, health communication, protection motivation theory},
doi = {https://doi.org/10.1111/bjhp.12546},
url = {https://bpspsychub.onlinelibrary.wiley.com/doi/abs/10.1111/bjhp.12546},
eprint = {https://bpspsychub.onlinelibrary.wiley.com/doi/pdf/10.1111/bjhp.12546},
year = {2022}
}


@article{wickham2019,
    title = {Welcome to the {tidyverse}},
    author = {Hadley Wickham and Mara Averick and Jennifer Bryan and Winston Chang and Lucy D'Agostino McGowan and Romain François and Garrett Grolemund and Alex Hayes and Lionel Henry and Jim Hester and Max Kuhn and Thomas Lin Pedersen and Evan Miller and Stephan Milton Bache and Kirill Müller and Jeroen Ooms and David Robinson and Dana Paige Seidel and Vitalie Spinu and Kohske Takahashi and Davis Vaughan and Claus Wilke and Kara Woo and Hiroaki Yutani},
    year = {2019},
    journal = {Journal of Open Source Software},
    volume = {4},
    number = {43},
    pages = {1686},
    doi = {10.21105/joss.01686},
  }


@book{lumley2011,
  title     = "Complex surveys",
  author    = "Lumley, Thomas",
  publisher = "John Wiley \& Sons",
  series    = "Wiley Series in Survey Methodology",
  month     =  sep,
  year      =  2011,
  address   = "Nashville, TN",
  language  = "en"
}


@Manual{quarto,
    title = {quarto: R Interface to 'Quarto' Markdown Publishing System},
    author = {JJ Allaire},
    year = {2022},
    note = {R package version 1.2},
    url = {https://CRAN.R-project.org/package=quarto},
  }

@article{cnat2022b,
  doi = {10.3390/vaccines10111937},
  url = {https://doi.org/10.3390/vaccines10111937},
  year = {2022},
  month = nov,
  publisher = {{MDPI} {AG}},
  volume = {10},
  number = {11},
  pages = {1937},
  author = {Jude Mary C{\'{e}}nat and Pari-Gole Noorishad and Schwab Mulopo Bakombo and Olivia Onesi and Aya Mesbahi and Wina Paul Darius and Lisa Caulley and Sanni Yaya and Marie-H{\'{e}}l{\`{e}}ne Chomienne and Josephine Etowa and Vivek Venkatesh and Rose Darly Dalexis and Roland Pongou and Patrick R. Labelle},
  title = {A Systematic Review on Vaccine Hesitancy in Black Communities in Canada: Critical Issues and Research Failures},
  journal = {Vaccines}
}



@article{cnat2022a,
  doi = {10.1002/jmv.28156},
  url = {https://doi.org/10.1002/jmv.28156},
  year = {2022},
  month = oct,
  publisher = {Wiley},
  volume = {95},
  number = {1},
  author = {Jude Mary C{\'{e}}nat and Pari-Gole Noorishad and Seyed Mohammad Mahdi Moshirian Farahi and Wina Paul Darius and Aya Mesbahi El Aouame and Olivia Onesi and Cathy Broussard and Sarah E. Furyk and Sanni Yaya and Lisa Caulley and Marie-H{\'{e}}l{\`{e}}ne Chomienne and Josephine Etowa and Patrick R. Labelle},
  title = {Prevalence and factors related to {COVID}-19 vaccine hesitancy and unwillingness in Canada: A systematic review and meta-analysis},
  journal = {Journal of Medical Virology}
}

@article{cnat2023,
  doi = {10.1002/jmv.28738},
  url = {https://doi.org/10.1002/jmv.28738},
  year = {2023},
  month = apr,
  publisher = {Wiley},
  volume = {95},
  number = {4},
  author = {Jude Mary C{\'{e}}nat and Seyed Mohammad Mahdi Moshirian Farahi and Schwab Mulopo Bakombo and Rose Darly Dalexis and Roland Pongou and Lisa Caulley and Sanni Yaya and Josephine Etowa and Vivek Venkatesh},
  title = {Vaccine mistrust among Black individuals in Canada: The major role of health literacy,  conspiracy theories,  and racial discrimination in the healthcare system},
  journal = {Journal of Medical Virology}
}

@article{shih2021,
  doi = {10.3389/fimmu.2021.558270},
  url = {https://doi.org/10.3389/fimmu.2021.558270},
  year = {2021},
  month = jun,
  publisher = {Frontiers Media {SA}},
  volume = {12},
  author = {Shu-Fang Shih and Abram L. Wagner and Nina B. Masters and Lisa A. Prosser and Yihan Lu and Brian J. Zikmund-Fisher},
  title = {Vaccine Hesitancy and Rejection of a Vaccine for the Novel Coronavirus in the United States},
  journal = {Frontiers in Immunology}
}

@article{nguyen2022,
  doi = {10.1016/j.vaccine.2021.11.040},
  url = {https://doi.org/10.1016/j.vaccine.2021.11.040},
  year = {2022},
  month = jan,
  publisher = {Elsevier {BV}},
  volume = {40},
  number = {1},
  pages = {107--113},
  author = {Kimberly H. Nguyen and Elyssa Anneser and Alexander Toppo and Jennifer D. Allen and J. Scott Parott and Laura Corlin},
  title = {Disparities in national and state estimates of {COVID}-19 vaccination receipt and intent to vaccinate by race/ethnicity,  income,  and age group among adults~$\geq$~18~years,  United States},
  journal = {Vaccine}
}

@article{marchand2020,
  doi = {10.1080/00130095.2020.1715793},
  url = {https://doi.org/10.1080/00130095.2020.1715793},
  year = {2020},
  month = feb,
  publisher = {Informa {UK} Limited},
  volume = {96},
  number = {2},
  pages = {83--107},
  author = {Yannick Marchand and Jean Dub{\'{e}} and S{\'{e}}bastien Breau},
  title = {Exploring the Causes and Consequences of Regional Income Inequality in Canada},
  journal = {Economic Geography}
}

@misc{ontario-municipalities, 
 title={Ontario {M}unicipalities}, 
 url={https://www.amo.on.ca/about-us/municipal-101/ontario-municipalities}, 
 urldate={2022-12-30}
 }


@article{deming1940,
  doi = {10.1214/aoms/1177731829},
  url = {https://doi.org/10.1214/aoms/1177731829},
  year = {1940},
  month = dec,
  publisher = {Institute of Mathematical Statistics},
  volume = {11},
  number = {4},
  pages = {427--444},
  author = {W. Edwards Deming and Frederick F. Stephan},
  title = {On a Least Squares Adjustment of a Sampled Frequency Table When the Expected Marginal Totals are Known},
  journal = {The Annals of Mathematical Statistics}
}

@article{sargent2022,
  doi = {10.2196/37920},
  url = {https://doi.org/10.2196/37920},
  year = {2022},
  month = jul,
  publisher = {{JMIR} Publications Inc.},
  volume = {24},
  number = {7},
  pages = {e37920},
  author = {Rikki H Sargent and Shaelyn Laurie and Leo F Weakland and James V Lavery and Daniel A Salmon and Walter A Orenstein and Robert F Breiman},
  title = {Use of Random Domain Intercept Technology to Track {COVID}-19 Vaccination Rates in Real Time Across the United States: Survey Study},
  journal = {Journal of Medical Internet Research}
}

@article{guay2022,
  doi = {10.25318/82-003-X202201200004-ENG},
  url = {https://www150.statcan.gc.ca/n1/pub/82-003-x/2022012/article/00004-eng.htm},
  author = {{Statistics Canada}},
  title = {Sociodemographic disparities in COVID-19 vaccine uptake and vaccination intent in Canada},
  publisher = {Government of Canada},
  year = {2022}
}

@article{bhuiyan2022,
  doi = {10.1007/s10708-022-10802-5},
  url = {https://doi.org/10.1007/s10708-022-10802-5},
  year = {2022},
  month = dec,
  publisher = {Springer Science and Business Media {LLC}},
  author = {Mohammad Alfrad Nobel Bhuiyan and Terry C Davis and Connie L Arnold and Nasim Motayar and Md. Shenuarin Bhuiyan and Deborah G Smith and Kevin S Murnane and Kenneth Densmore and Maarten van Diest and Steven R Bailey and Christopher G Kevil},
  title = {Using the social vulnerability index to assess {COVID}-19 vaccine uptake in Louisiana},
  journal = {{GeoJournal}}
}

@article{wood2022,
  doi = {10.1101/2022.08.30.22279415},
  url = {https://doi.org/10.1101/2022.08.30.22279415},
  year = {2022},
  month = sep,
  publisher = {Cold Spring Harbor Laboratory},
  author = {A.J. Wood and A.M. MacKintosh and M. Stead and R.R. Kao},
  title = {Predicting future spatial patterns in {COVID}-19 booster vaccine uptake}
}

@article{tiu2022,
  doi = {10.1093/aje/kwac080},
  url = {https://doi.org/10.1093/aje/kwac080},
  year = {2022},
  month = apr,
  publisher = {Oxford University Press ({OUP})},
  volume = {191},
  number = {10},
  pages = {1792--1802},
  author = {Andrew Tiu and Zachary Susswein and Alexes Merritt and Shweta Bansal},
  title = {Characterizing the Spatiotemporal Heterogeneity of the {COVID}-19 Vaccination Landscape},
  journal = {American Journal of Epidemiology}
}


@article{yang2022,
  doi = {10.1016/j.amepre.2022.06.006},
  url = {https://doi.org/10.1016/j.amepre.2022.06.006},
  year = {2022},
  month = dec,
  publisher = {Elsevier {BV}},
  volume = {63},
  number = {6},
  pages = {954--961},
  author = {Tse-Chuan Yang and Stephen A. Matthews and Feinuo Sun},
  title = {Multiscale Dimensions of Spatial Process: {COVID}-19 Fully Vaccinated Rates in U.S. Counties},
  journal = {American Journal of Preventive Medicine}
}

@article{mollalo2021,
  doi = {10.3390/ijerph18189488},
  url = {https://doi.org/10.3390/ijerph18189488},
  year = {2021},
  month = sep,
  publisher = {{MDPI} {AG}},
  volume = {18},
  number = {18},
  pages = {9488},
  author = {Abolfazl Mollalo and Moosa Tatar},
  title = {Spatial Modeling of {COVID}-19 Vaccine Hesitancy in the United States},
  journal = {International Journal of Environmental Research and Public Health}
}

@article{nguyen2021,
  doi = {10.1080/07853890.2021.1957998},
  url = {https://doi.org/10.1080/07853890.2021.1957998},
  year = {2021},
  month = jan,
  publisher = {Informa {UK} Limited},
  volume = {53},
  number = {1},
  pages = {1419--1428},
  author = {Kimberly H. Nguyen and Kimchi Nguyen and Laura Corlin and Jennifer D. Allen and Mei Chung},
  title = {Changes in {COVID}-19 vaccination receipt and intention to vaccinate by socioeconomic characteristics and geographic area,  United States,  January 6 {\textendash} March 29,  2021},
  journal = {Annals of Medicine}
}


@article{carter2022,
  doi = {10.1097/phh.0000000000001565},
  url = {https://doi.org/10.1097/phh.0000000000001565},
  year = {2022},
  month = aug,
  publisher = {Ovid Technologies (Wolters Kluwer Health)},
  volume = {28},
  number = {6},
  pages = {615--623},
  author = {Megan A. Carter and Suzanne Biro and Allison Maier and Clint Shingler and T. Hugh Guan},
  title = {{COVID}-19 Vaccine Uptake in Southeastern Ontario,  Canada: Monitoring and Addressing Health Inequities},
  journal = {Journal of Public Health Management and Practice}
}


@article{muhajarine2021,
  doi = {10.1371/journal.pone.0259513},
  url = {https://doi.org/10.1371/journal.pone.0259513},
  year = {2021},
  month = nov,
  publisher = {Public Library of Science ({PLoS})},
  volume = {16},
  number = {11},
  pages = {e0259513},
  author = {Nazeem Muhajarine and Daniel A. Adeyinka and Jessica McCutcheon and Kathryn L. Green and Miles Fahlman and Natalie Kallio},
  editor = {Anat Gesser-Edelsburg},
  title = {{COVID}-19 vaccine hesitancy and refusal and associated factors in an adult population in Saskatchewan,  Canada: Evidence from predictive modelling},
  journal = {{PLOS} {ONE}}
}

@article{guay2022,
  doi = {10.1186/s12889-022-14090-z},
  url = {https://doi.org/10.1186/s12889-022-14090-z},
  year = {2022},
  month = sep,
  publisher = {Springer Science and Business Media {LLC}},
  volume = {22},
  number = {1},
  author = {Mireille Guay and Aubrey Maquiling and Ruoke Chen and Val{\'{e}}rie Lavergne and Donalyne-Joy Baysac and Audrey Racine and Eve Dub{\'{e}} and Shannon E. MacDonald and Nicolas L. Gilbert},
  title = {Measuring inequalities in {COVID}-19 vaccination uptake and intent: results from the Canadian Community Health Survey 2021},
  journal = {{BMC} Public Health}
}

@article{gerretsen2021,
  doi = {10.1371/journal.pone.0258462},
  url = {https://doi.org/10.1371/journal.pone.0258462},
  year = {2021},
  month = nov,
  publisher = {Public Library of Science ({PLoS})},
  volume = {16},
  number = {11},
  pages = {e0258462},
  author = {Philip Gerretsen and Julia Kim and Fernando Caravaggio and Lena Quilty and Marcos Sanches and Samantha Wells and Eric E. Brown and Branka Agic and Bruce G. Pollock and Ariel Graff-Guerrero},
  editor = {Leeberk Raja Inbaraj},
  title = {Individual determinants of {COVID}-19 vaccine hesitancy},
  journal = {{PLOS} {ONE}}
}


@article{malik2020,
  doi = {10.1016/j.eclinm.2020.100495},
  url = {https://doi.org/10.1016/j.eclinm.2020.100495},
  year = {2020},
  month = sep,
  publisher = {Elsevier {BV}},
  volume = {26},
  pages = {100495},
  author = {Amyn A. Malik and SarahAnn M. McFadden and Jad Elharake and Saad B. Omer},
  title = {Determinants of {COVID}-19 vaccine acceptance in the {US}},
  journal = {{EClinicalMedicine}}
}



@article{nafilyan2021,
  doi = {10.1136/bmjopen-2021-053402},
  url = {https://doi.org/10.1136/bmjopen-2021-053402},
  year = {2021},
  month = jul,
  publisher = {{BMJ}},
  volume = {11},
  number = {7},
  pages = {e053402},
  author = {Vahe Nafilyan and Ted Dolby and Cameron Razieh and Charlotte Hannah Gaughan and Jasper Morgan and Daniel Ayoubkhani and Sarah Walker and Kamlesh Khunti and Myer Glickman and Thomas Yates},
  title = {Sociodemographic inequality in {COVID}-19 vaccination coverage among elderly adults in England: a national linked data study},
  journal = {{BMJ} Open}
}

@article{ali2021,
  doi = {10.3390/healthcare9091110},
  url = {https://doi.org/10.3390/healthcare9091110},
  year = {2021},
  month = aug,
  publisher = {{MDPI} {AG}},
  volume = {9},
  number = {9},
  pages = {1110},
  author = {G. G. Md. Nawaz Ali and Md. Mokhlesur Rahman and Md. Amjad Hossain and Md. Shahinoor Rahman and Kamal Chandra Paul and Jean-Claude Thill and Jim Samuel},
  title = {Public Perceptions of {COVID}-19 Vaccines: Policy Implications from {US} Spatiotemporal Sentiment Analytics},
  journal = {Healthcare}
}

@article{hussain2022,
  doi = {10.1016/j.vaccine.2022.04.030},
  url = {https://doi.org/10.1016/j.vaccine.2022.04.030},
  year = {2022},
  month = may,
  publisher = {Elsevier {BV}},
  volume = {40},
  number = {25},
  pages = {3413--3432},
  author = {Basharat Hussain and Asam Latif and Stephen Timmons and Kennedy Nkhoma and Laura B. Nellums},
  title = {Overcoming {COVID}-19 vaccine hesitancy among ethnic minorities: A systematic review of {UK} studies},
  journal = {Vaccine}
}

@misc{WHO-Covid,
  title = {{World Health Organization Coronavirus (COVID-19) Dashboard}},
  url = {https://covid19.who.int/},
  urldate = {2023-05-11}
}

@article{watson2022,
  doi = {10.1016/s1473-3099(22)00320-6},
  url = {https://doi.org/10.1016/s1473-3099(22)00320-6},
  year = {2022},
  month = sep,
  publisher = {Elsevier {BV}},
  volume = {22},
  number = {9},
  pages = {1293--1302},
  author = {Oliver J Watson and Gregory Barnsley and Jaspreet Toor and Alexandra B Hogan and Peter Winskill and Azra C Ghani},
  title = {Global impact of the first year of {COVID}-19 vaccination: a mathematical modelling study},
  journal = {The Lancet Infectious Diseases}
}

@article{tanne2020,
  doi = {10.1136/bmj.m4799},
  url = {https://doi.org/10.1136/bmj.m4799},
  year = {2020},
  month = dec,
  publisher = {{BMJ}},
  pages = {m4799},
  author = {Janice Hopkins Tanne},
  title = {Covid-19: {FDA} panel votes to authorise Pfizer {BioNTech} vaccine},
  journal = {{BMJ}}
}

@article{bogoch2022,
  doi = {10.1093/cjres/rsac043},
  url = {https://doi.org/10.1093/cjres/rsac043},
  year = {2022},
  month = nov,
  publisher = {Oxford University Press ({OUP})},
  author = {Isaac I Bogoch and Sheliza Halani},
  title = {{COVID}-19 vaccines: a geographic,  social and policy view of vaccination efforts in Ontario,  Canada},
  journal = {Cambridge Journal of Regions,  Economy and Society}
}

@article{choi2021,
  doi = {10.1177/23780231211052946},
  url = {https://doi.org/10.1177/23780231211052946},
  year = {2021},
  month = jan,
  publisher = {{SAGE} Publications},
  volume = {7},
  pages = {237802312110529},
  author = {Kate H. Choi and Patrick A. Denice and Sagi Ramaj},
  title = {Vaccine and {COVID}-19 Trajectories},
  journal = {Socius: Sociological Research for a Dynamic World}
}

@article{mckinnon2021,
  doi = {10.1016/j.vaccine.2021.10.077},
  url = {https://doi.org/10.1016/j.vaccine.2021.10.077},
  year = {2021},
  month = dec,
  publisher = {Elsevier {BV}},
  volume = {39},
  number = {49},
  pages = {7140--7145},
  author = {Britt McKinnon and Caroline Quach and {\`{E}}ve Dub{\'{e}} and Cat Tuong Nguyen and Kate Zinszer},
  title = {Social inequalities in {COVID}-19 vaccine acceptance and uptake for children and adolescents in Montreal,  Canada},
  journal = {Vaccine}
}
