 @misc{ontario-municipalities, 
 title={Ontario {M}unicipalities}, 
 url={https://www.amo.on.ca/about-us/municipal-101/ontario-municipalities}, 
 urldate={2022-12-30}
 }


@article{deming1940,
  doi = {10.1214/aoms/1177731829},
  url = {https://doi.org/10.1214/aoms/1177731829},
  year = {1940},
  month = dec,
  publisher = {Institute of Mathematical Statistics},
  volume = {11},
  number = {4},
  pages = {427--444},
  author = {W. Edwards Deming and Frederick F. Stephan},
  title = {On a Least Squares Adjustment of a Sampled Frequency Table When the Expected Marginal Totals are Known},
  journal = {The Annals of Mathematical Statistics}
}

@article{sargent2022,
  doi = {10.2196/37920},
  url = {https://doi.org/10.2196/37920},
  year = {2022},
  month = jul,
  publisher = {{JMIR} Publications Inc.},
  volume = {24},
  number = {7},
  pages = {e37920},
  author = {Rikki H Sargent and Shaelyn Laurie and Leo F Weakland and James V Lavery and Daniel A Salmon and Walter A Orenstein and Robert F Breiman},
  title = {Use of Random Domain Intercept Technology to Track {COVID}-19 Vaccination Rates in Real Time Across the United States: Survey Study},
  journal = {Journal of Medical Internet Research}
}

@article{guay2022,
  doi = {10.25318/82-003-X202201200004-ENG},
  url = {https://www150.statcan.gc.ca/n1/pub/82-003-x/2022012/article/00004-eng.htm},
  author = {{Statistics Canada}},
  title = {Sociodemographic disparities in COVID-19 vaccine uptake and vaccination intent in Canada},
  publisher = {Government of Canada},
  year = {2022}
}

@article{bhuiyan2022,
  doi = {10.1007/s10708-022-10802-5},
  url = {https://doi.org/10.1007/s10708-022-10802-5},
  year = {2022},
  month = dec,
  publisher = {Springer Science and Business Media {LLC}},
  author = {Mohammad Alfrad Nobel Bhuiyan and Terry C Davis and Connie L Arnold and Nasim Motayar and Md. Shenuarin Bhuiyan and Deborah G Smith and Kevin S Murnane and Kenneth Densmore and Maarten van Diest and Steven R Bailey and Christopher G Kevil},
  title = {Using the social vulnerability index to assess {COVID}-19 vaccine uptake in Louisiana},
  journal = {{GeoJournal}}
}

@article{wood2022,
  doi = {10.1101/2022.08.30.22279415},
  url = {https://doi.org/10.1101/2022.08.30.22279415},
  year = {2022},
  month = sep,
  publisher = {Cold Spring Harbor Laboratory},
  author = {A.J. Wood and A.M. MacKintosh and M. Stead and R.R. Kao},
  title = {Predicting future spatial patterns in {COVID}-19 booster vaccine uptake}
}

@article{tiu2022,
  doi = {10.1093/aje/kwac080},
  url = {https://doi.org/10.1093/aje/kwac080},
  year = {2022},
  month = apr,
  publisher = {Oxford University Press ({OUP})},
  volume = {191},
  number = {10},
  pages = {1792--1802},
  author = {Andrew Tiu and Zachary Susswein and Alexes Merritt and Shweta Bansal},
  title = {Characterizing the Spatiotemporal Heterogeneity of the {COVID}-19 Vaccination Landscape},
  journal = {American Journal of Epidemiology}
}


@article{yang2022,
  doi = {10.1016/j.amepre.2022.06.006},
  url = {https://doi.org/10.1016/j.amepre.2022.06.006},
  year = {2022},
  month = dec,
  publisher = {Elsevier {BV}},
  volume = {63},
  number = {6},
  pages = {954--961},
  author = {Tse-Chuan Yang and Stephen A. Matthews and Feinuo Sun},
  title = {Multiscale Dimensions of Spatial Process: {COVID}-19 Fully Vaccinated Rates in U.S. Counties},
  journal = {American Journal of Preventive Medicine}
}

@article{mollalo2021,
  doi = {10.3390/ijerph18189488},
  url = {https://doi.org/10.3390/ijerph18189488},
  year = {2021},
  month = sep,
  publisher = {{MDPI} {AG}},
  volume = {18},
  number = {18},
  pages = {9488},
  author = {Abolfazl Mollalo and Moosa Tatar},
  title = {Spatial Modeling of {COVID}-19 Vaccine Hesitancy in the United States},
  journal = {International Journal of Environmental Research and Public Health}
}

@article{nguyen2021,
  doi = {10.1080/07853890.2021.1957998},
  url = {https://doi.org/10.1080/07853890.2021.1957998},
  year = {2021},
  month = jan,
  publisher = {Informa {UK} Limited},
  volume = {53},
  number = {1},
  pages = {1419--1428},
  author = {Kimberly H. Nguyen and Kimchi Nguyen and Laura Corlin and Jennifer D. Allen and Mei Chung},
  title = {Changes in {COVID}-19 vaccination receipt and intention to vaccinate by socioeconomic characteristics and geographic area,  United States,  January 6 {\textendash} March 29,  2021},
  journal = {Annals of Medicine}
}


@article{carter2022,
  doi = {10.1097/phh.0000000000001565},
  url = {https://doi.org/10.1097/phh.0000000000001565},
  year = {2022},
  month = aug,
  publisher = {Ovid Technologies (Wolters Kluwer Health)},
  volume = {28},
  number = {6},
  pages = {615--623},
  author = {Megan A. Carter and Suzanne Biro and Allison Maier and Clint Shingler and T. Hugh Guan},
  title = {{COVID}-19 Vaccine Uptake in Southeastern Ontario,  Canada: Monitoring and Addressing Health Inequities},
  journal = {Journal of Public Health Management and Practice}
}


@article{muhajarine2021,
  doi = {10.1371/journal.pone.0259513},
  url = {https://doi.org/10.1371/journal.pone.0259513},
  year = {2021},
  month = nov,
  publisher = {Public Library of Science ({PLoS})},
  volume = {16},
  number = {11},
  pages = {e0259513},
  author = {Nazeem Muhajarine and Daniel A. Adeyinka and Jessica McCutcheon and Kathryn L. Green and Miles Fahlman and Natalie Kallio},
  editor = {Anat Gesser-Edelsburg},
  title = {{COVID}-19 vaccine hesitancy and refusal and associated factors in an adult population in Saskatchewan,  Canada: Evidence from predictive modelling},
  journal = {{PLOS} {ONE}}
}

@article{guay2022,
  doi = {10.1186/s12889-022-14090-z},
  url = {https://doi.org/10.1186/s12889-022-14090-z},
  year = {2022},
  month = sep,
  publisher = {Springer Science and Business Media {LLC}},
  volume = {22},
  number = {1},
  author = {Mireille Guay and Aubrey Maquiling and Ruoke Chen and Val{\'{e}}rie Lavergne and Donalyne-Joy Baysac and Audrey Racine and Eve Dub{\'{e}} and Shannon E. MacDonald and Nicolas L. Gilbert},
  title = {Measuring inequalities in {COVID}-19 vaccination uptake and intent: results from the Canadian Community Health Survey 2021},
  journal = {{BMC} Public Health}
}

@article{gerretsen2021,
  doi = {10.1371/journal.pone.0258462},
  url = {https://doi.org/10.1371/journal.pone.0258462},
  year = {2021},
  month = nov,
  publisher = {Public Library of Science ({PLoS})},
  volume = {16},
  number = {11},
  pages = {e0258462},
  author = {Philip Gerretsen and Julia Kim and Fernando Caravaggio and Lena Quilty and Marcos Sanches and Samantha Wells and Eric E. Brown and Branka Agic and Bruce G. Pollock and Ariel Graff-Guerrero},
  editor = {Leeberk Raja Inbaraj},
  title = {Individual determinants of {COVID}-19 vaccine hesitancy},
  journal = {{PLOS} {ONE}}
}


@article{malik2020,
  doi = {10.1016/j.eclinm.2020.100495},
  url = {https://doi.org/10.1016/j.eclinm.2020.100495},
  year = {2020},
  month = sep,
  publisher = {Elsevier {BV}},
  volume = {26},
  pages = {100495},
  author = {Amyn A. Malik and SarahAnn M. McFadden and Jad Elharake and Saad B. Omer},
  title = {Determinants of {COVID}-19 vaccine acceptance in the {US}},
  journal = {{EClinicalMedicine}}
}



@article{nafilyan2021,
  doi = {10.1136/bmjopen-2021-053402},
  url = {https://doi.org/10.1136/bmjopen-2021-053402},
  year = {2021},
  month = jul,
  publisher = {{BMJ}},
  volume = {11},
  number = {7},
  pages = {e053402},
  author = {Vahe Nafilyan and Ted Dolby and Cameron Razieh and Charlotte Hannah Gaughan and Jasper Morgan and Daniel Ayoubkhani and Sarah Walker and Kamlesh Khunti and Myer Glickman and Thomas Yates},
  title = {Sociodemographic inequality in {COVID}-19 vaccination coverage among elderly adults in England: a national linked data study},
  journal = {{BMJ} Open}
}

@article{ali2021,
  doi = {10.3390/healthcare9091110},
  url = {https://doi.org/10.3390/healthcare9091110},
  year = {2021},
  month = aug,
  publisher = {{MDPI} {AG}},
  volume = {9},
  number = {9},
  pages = {1110},
  author = {G. G. Md. Nawaz Ali and Md. Mokhlesur Rahman and Md. Amjad Hossain and Md. Shahinoor Rahman and Kamal Chandra Paul and Jean-Claude Thill and Jim Samuel},
  title = {Public Perceptions of {COVID}-19 Vaccines: Policy Implications from {US} Spatiotemporal Sentiment Analytics},
  journal = {Healthcare}
}

@article{hussain2022,
  doi = {10.1016/j.vaccine.2022.04.030},
  url = {https://doi.org/10.1016/j.vaccine.2022.04.030},
  year = {2022},
  month = may,
  publisher = {Elsevier {BV}},
  volume = {40},
  number = {25},
  pages = {3413--3432},
  author = {Basharat Hussain and Asam Latif and Stephen Timmons and Kennedy Nkhoma and Laura B. Nellums},
  title = {Overcoming {COVID}-19 vaccine hesitancy among ethnic minorities: A systematic review of {UK} studies},
  journal = {Vaccine}
}

@misc{WHO-Covid,
  title = {{World Health Organization Coronavirus (COVID-19) Dashboard}},
  url = {https://covid19.who.int/},
  urldate = {2022-11-27}
}

@article{watson2022,
  doi = {10.1016/s1473-3099(22)00320-6},
  url = {https://doi.org/10.1016/s1473-3099(22)00320-6},
  year = {2022},
  month = sep,
  publisher = {Elsevier {BV}},
  volume = {22},
  number = {9},
  pages = {1293--1302},
  author = {Oliver J Watson and Gregory Barnsley and Jaspreet Toor and Alexandra B Hogan and Peter Winskill and Azra C Ghani},
  title = {Global impact of the first year of {COVID}-19 vaccination: a mathematical modelling study},
  journal = {The Lancet Infectious Diseases}
}

@article{tanne2020,
  doi = {10.1136/bmj.m4799},
  url = {https://doi.org/10.1136/bmj.m4799},
  year = {2020},
  month = dec,
  publisher = {{BMJ}},
  pages = {m4799},
  author = {Janice Hopkins Tanne},
  title = {Covid-19: {FDA} panel votes to authorise Pfizer {BioNTech} vaccine},
  journal = {{BMJ}}
}

@article{bogoch2022,
  doi = {10.1093/cjres/rsac043},
  url = {https://doi.org/10.1093/cjres/rsac043},
  year = {2022},
  month = nov,
  publisher = {Oxford University Press ({OUP})},
  author = {Isaac I Bogoch and Sheliza Halani},
  title = {{COVID}-19 vaccines: a geographic,  social and policy view of vaccination efforts in Ontario,  Canada},
  journal = {Cambridge Journal of Regions,  Economy and Society}
}

@article{choi2021,
  doi = {10.1177/23780231211052946},
  url = {https://doi.org/10.1177/23780231211052946},
  year = {2021},
  month = jan,
  publisher = {{SAGE} Publications},
  volume = {7},
  pages = {237802312110529},
  author = {Kate H. Choi and Patrick A. Denice and Sagi Ramaj},
  title = {Vaccine and {COVID}-19 Trajectories},
  journal = {Socius: Sociological Research for a Dynamic World}
}

@article{mckinnon2021,
  doi = {10.1016/j.vaccine.2021.10.077},
  url = {https://doi.org/10.1016/j.vaccine.2021.10.077},
  year = {2021},
  month = dec,
  publisher = {Elsevier {BV}},
  volume = {39},
  number = {49},
  pages = {7140--7145},
  author = {Britt McKinnon and Caroline Quach and {\`{E}}ve Dub{\'{e}} and Cat Tuong Nguyen and Kate Zinszer},
  title = {Social inequalities in {COVID}-19 vaccine acceptance and uptake for children and adolescents in Montreal,  Canada},
  journal = {Vaccine}
}
